



@ARTICLE{saxena20083,
  title={3-d depth reconstruction from a single still image},
  author={Saxena, Ashutosh and Chung, Sung H and Ng, Andrew Y},
  journal={International Journal of Computer Vision},
  volume={76},
  number={1},
  pages={53--69},
  year={2008},
  publisher={Springer}
}

@article{ding2001canny,
  title={On the Canny edge detector},
  author={Ding, Lijun and Goshtasby, Ardeshir},
  journal={Pattern Recognition},
  volume={34},
  number={3},
  pages={721--725},
  year={2001},
  publisher={Elsevier}
}


@inproceedings{rusu20113d,
  title={3d is here: Point cloud library (pcl)},
  author={Rusu, Radu Bogdan and Cousins, Steve},
  booktitle={Robotics and Automation (ICRA), 2011 IEEE International Conference on},
  pages={1--4},
  year={2011},
  organization={IEEE}
}

@book{bradski2008learning,
  title={Learning OpenCV: Computer vision with the OpenCV library},
  author={Bradski, Gary and Kaehler, Adrian},
  year={2008},
  publisher={" O'Reilly Media, Inc."}
}

@article{antegazza2000rtai,
  title={RTAI: Real time application interface},
  author={Mantegazza, Paolo and Dozio, EL and Papacharalambous, S},
  journal={Linux Journal},
  volume={2000},
  number={72es},
  pages={10},
  year={2000},
  publisher={Belltown Media}
}

@article{Aaeon,
title = {Aaeon PFM 945C User Manual},
author={Aaeon},
address = {11 Crown Plaza Hazlet, NJ 07730},
year={2005}

}


@article{connect,
title = {Connect Tech PCI-104 to PC/104 Adapter User Manual},
author={Connect Tech },
address = {Connect Tech Inc. 42 Arrow RoadGuelph, OntarioN1K 1S6},
year={2012}
}



@article{Sensoray,
title = { Sensoray Model 911  User Manual},
author={Aaeon},
address = {11 Crown Plaza Hazlet, NJ 07730},
year={2005}
}



@article{kien2005review,
  title={A review of 3D reconstruction from video sequences},
  author={Kien, Dang Trung},
  journal={University of Amsterdam ISIS Technical Report Series},
  year={2005},
  publisher={Citeseer}
}

@inproceedings{woodley1999testbed,
  title={A testbed system for nonlinear or intelligent control},
  author={Woodley, Robert S and Acar, Levent},
  booktitle={American Control Conference, 1999. Proceedings of the 1999},
  volume={5},
  pages={3441--3445},
  year={1999},
  organization={IEEE}
}

@article{wu2011visualsfm,
  title={VisualSFM: A visual structure from motion system},
  author={Wu, Changchang},
  year={2011}
}

@article{dhake2007real1,
  title={A real time operating system based test-bed for autonomous vehicle navigation},
  author={Dhake, Pravin},
  year={2007},
  publisher={University of Missouri--Rolla}
}

@article{bay2008speeded,
  title={Speeded-up robust features (SURF)},
  author={Bay, Herbert and Ess, Andreas and Tuytelaars, Tinne and Van Gool, Luc},
  journal={Computer vision and image understanding},
  volume={110},
  number={3},
  pages={346--359},
  year={2008},
  publisher={Elsevier}
}

@article{lowe2004distinctive,
  title={Distinctive image features from scale-invariant keypoints},
  author={Lowe, David G},
  journal={International journal of computer vision},
  volume={60},
  number={2},
  pages={91--110},
  year={2004},
  publisher={Springer}
}

@incollection{triggs2000bundle,
  title={Bundle adjustment—a modern synthesis},
  author={Triggs, Bill and McLauchlan, Philip F and Hartley, Richard I and Fitzgibbon, Andrew W},
  booktitle={Vision algorithms: theory and practice},
  pages={298--372},
  year={2000},
  publisher={Springer}
}

@article{paradis2000visual,
  title={Visual perception of motion and 3-D structure from motion: an fMRI study},
  author={Paradis, AL and Cornilleau-Peres, V and Droulez, J and Van De Moortele, PF and Lobel, E and Berthoz, A and Le Bihan, D and Poline, JB},
  journal={Cerebral Cortex},
  volume={10},
  number={8},
  pages={772--783},
  year={2000},
  publisher={Oxford Univ Press}
}

@inproceedings{campbell2011automatic,
  title={Automatic object segmentation from calibrated images},
  author={Campbell, Neill DF and Vogiatzis, George and Hern{\'a}ndez, Carlos and Cipolla, Roberto},
  booktitle={Visual Media Production (CVMP), 2011 Conference for},
  pages={126--137},
  year={2011},
  organization={IEEE}
}

@article{rosten2010improved,
  title={Improved RANSAC performance using simple, iterative minimal-set solvers},
  author={Rosten, Edward and Reitmayr, Gerhard and Drummond, Tom},
  journal={arXiv preprint arXiv:1007.1432},
  year={2010}
}

@article{heck2005point,
  title={POINT TRACKING AND IMAGE RECTIFICATION IN VIDEO ACTIVITIES},
  author={Heck, Andr{\'e}},
  year={2005},
  publisher={Citeseer}
}

@article{logothetis1996visual,
  title={Visual object recognition},
  author={Logothetis, Nikos K and Sheinberg, David L},
  journal={Annual review of neuroscience},
  volume={19},
  number={1},
  pages={577--621},
  year={1996},
  publisher={Annual Reviews 4139 El Camino Way, PO Box 10139, Palo Alto, CA 94303-0139, USA}
}

@inproceedings{comaniciu2000real,
  title={Real-time tracking of non-rigid objects using mean shift},
  author={Comaniciu, Dorin and Ramesh, Visvanathan and Meer, Peter},
  booktitle={Computer Vision and Pattern Recognition, 2000. Proceedings. IEEE Conference on},
  volume={2},
  pages={142--149},
  year={2000},
  organization={IEEE}
}

@inproceedings{andriluka2010monocular,
  title={Monocular 3d pose estimation and tracking by detection},
  author={Andriluka, Mykhaylo and Roth, Stefan and Schiele, Bernt},
  booktitle={Computer Vision and Pattern Recognition (CVPR), 2010 IEEE Conference on},
  pages={623--630},
  year={2010},
  organization={IEEE}
}

@article{drummond2002real,
  title={Real-time visual tracking of complex structures},
  author={Drummond, Tom and Cipolla, Roberto},
  journal={Pattern Analysis and Machine Intelligence, IEEE Transactions on},
  volume={24},
  number={7},
  pages={932--946},
  year={2002},
  publisher={IEEE}
}

@incollection{drummond2000real,
  title={Real-time tracking of multiple articulated structures in multiple views},
  author={Drummond, Tom and Cipolla, Roberto},
  booktitle={Computer Vision—ECCV 2000},
  pages={20--36},
  year={2000},
  publisher={Springer}
}

@inproceedings{klein2006full,
  title={Full-3D Edge Tracking with a Particle Filter.},
  author={Klein, Georg and Murray, David W},
  booktitle={BMVC},
  pages={1119--1128},
  year={2006}
}

@article{lepetit2005monocular,
  title={Monocular model-based 3d tracking of rigid objects: A survey},
  author={Lepetit, Vincent and Fua, Pascal},
  journal={Foundations and trends in computer graphics and vision},
  volume={1},
  number={CVLAB-ARTICLE-2005-002},
  pages={1--89},
  year={2005}
}

@inproceedings{klopschitz2010visual,
  title={Visual tracking for augmented reality},
  author={Klopschitz, Manfred and Schall, Gerhard and Schmalstieg, Dieter and Reitmayr, Gerhard},
  booktitle={Indoor Positioning and Indoor Navigation (IPIN), 2010 International Conference on},
  pages={1--4},
  year={2010},
  organization={IEEE}
}

@inproceedings{klein2009parallel,
  title={Parallel tracking and mapping on a camera phone},
  author={Klein, Georg and Murray, David},
  booktitle={Mixed and Augmented Reality, 2009. ISMAR 2009. 8th IEEE International Symposium on},
  pages={83--86},
  year={2009},
  organization={IEEE}
}

@InProceedings{klein08improving,
  author =	 {Georg Klein and David Murray},
  title =	 {Improving the Agility of Keyframe-Based {SLAM}},
  booktitle =	 {Proc. 10th European Conference on Computer Vision
                  (ECCV'08)},
  year =	 {2008},
  pages =	 {802-815},
  month =	 {October},
  address =	 {Marseille}
}

@inproceedings{Castle:etal:ISWC2008,
 author = {R. O. Castle and G. Klein and D. W. Murray},
 title = {Video-rate Localization in Multiple Maps for Wearable Augmented Reality},
 booktitle={Proc 12th {IEEE} Int Symp on Wearable Computers, Pittsburgh PA, Sept 28 - Oct 1, 2008},
 pages={15-22},
 year={2008}
} 

@InProceedings{klein08compositing,
  author =	 {Georg Klein and David Murray},
  title =	 {Compositing for Small Cameras},
  booktitle =	 {Proc. Seventh {IEEE} and {ACM} International Symposium
                  on Mixed and Augmented Reality {(ISMAR'08)}},
  year =	 2008,
  month =	 {September},
  address =	 {Cambridge}
}

@InProceedings{klein07parallel,
  author =	 {Georg Klein and David Murray},
  title =	 {Parallel Tracking and Mapping for Small {AR} Workspaces},
  booktitle =	 {Proc. Sixth {IEEE} and {ACM} International Symposium
                  on Mixed and Augmented Reality {(ISMAR'07)}},
  year =	 2007,
  month =	 {November},
  address =	 {Nara, Japan}
}
@book{hartley2003multiple,
  title={Multiple view geometry in computer vision},
  author={Hartley, Richard and Zisserman, Andrew},
  year={2003},
  publisher={Cambridge university press}
}
@inproceedings{williams07iccv,
         author = "Williams, B. and Klein, G. and Reid, I.",
         title = "Real-time {SLAM} relocalisation",
         booktitle = "Proc. International Conference on Computer Vision",
         year = "2007"}

@inproceedings{Castle:etal:BMVC2007,
 author = {R. O. Castle and D. J. Gawley and G. Klein and D. W. Murray},
 title = {Video-rate recognition and localization for wearable cameras},
 booktitle={Proc 18th British Machine Vision Conference, Warwick, Sept 11-13, 2007},
 pages={1100-1109},
 year="2007"
} 

@inproceedings{Castle:etal:ICRA2007,
 author = {R. O. Castle and D. J. Gawley and G. Klein and D. W. Murray},
 title = {Towards simultaneous recognition, localization and mapping for hand-held and wearable cameras},
 booktitle={Proc. International Conference on Robotics and Automation, Rome, Italy, April 10-14, 2007},
 pages={4102-4107},
 year="2007"
} 

@InProceedings{klein05singleframe,
  author =	 {Georg Klein and Tom Drummond},
  title =	 {A single-frame visual gyroscope},
  volume =	 2,
  pages =	 {529--538},
  booktitle =	 {Proc. British Machine Vision Conference (BMVC'05)},
  year =	 2005,
  organization = {BMVA},
  address =	 {Oxford},
  month =	 {September}
}

@InProceedings{klein04tablet,
  author =	 {Georg Klein and Tom Drummond},
  title =	 {Sensor Fusion and Occlusion Refinement for
                  Tablet-based {AR}},
  booktitle =	 {Proc. Third {IEEE} and {ACM} International Symposium
                  on Mixed and Augmented Reality {(ISMAR'04)}},
  year =	 2004,
  pages =	 {38--47},
  month =	 {November},
  address =	 {Arlington, VA}
}

@Article{klein04tightly,
  author = 	 {Georg Klein and Tom Drummond},
  title = 	 {Tightly integrated sensor fusion for robust visual tracking},
  journal = 	 {Image and Vision Computing},
  year = 	 {2004},
  volume = 	 {22},
  number = 	 {10},
  pages = 	 {769--776},
  month = 	 {September}
}

@InProceedings{klein03ismar,
  author =	 {Georg Klein and Tom Drummond},
  title =	 {Robust Visual Tracking for Non-Instrumented
                  Augmented Reality},
  booktitle =	 {Proc. Second {IEEE} and {ACM} International
                  Symposium on Mixed and Augmented Reality
                  {(ISMAR'03)}},
  pages =	 {113-122},
  year =	 2003,
  month =	 {October},
  address =	 {Tokyo}
}

@InProceedings{klein02tightly,
  author =	 {Georg Klein and Tom Drummond},
  title =	 {Tightly Integrated Sensor Fusion for Robust Visual
                  Tracking},
  volume =	 2,
  pages =	 {787 --796},
  booktitle =	 {Proc. British Machine Vision Conference (BMVC'02)},
  year =	 2002,
  organization = {BMVA},
  address =	 {Cardiff},
  month =	 {September}
}

@article{horn2000tsai,
  title={Tsai camera calibration method revisited},
  author={Horn, Berthold KP},
  journal={Online: http://people. csail. mit. edu/bkph/articles/Tsai\_Revisited. pdf},
  year={2000}
}

@inproceedings{chin1989near,
  title={Near real-time shadow generation using BSP trees},
  author={Chin, Norman and Feiner, Steven},
  booktitle={ACM SIGGRAPH Computer Graphics},
  volume={23},
  number={3},
  pages={99--106},
  year={1989},
  organization={ACM}
}



@article{torr1997development,
  title={The development and comparison of robust methods for estimating the fundamental matrix},
  author={Torr, Philip HS and Murray, David W},
  journal={International journal of computer vision},
  volume={24},
  number={3},
  pages={271--300},
  year={1997},
  publisher={Springer}
}



@inproceedings{niem1997automatic,
  title={Automatic reconstruction of 3D objects using a mobile monoscopic camera},
  author={Niem, Wolfgang and Wingbermuhle, Jochen},
  booktitle={3-D Digital Imaging and Modeling, 1997. Proceedings., International Conference on Recent Advances in},
  pages={173--180},
  year={1997},
  organization={IEEE}
}

@inproceedings{muller20043d,
  title={3d reconstruction of natural scenes with view-adaptive multi-texturing},
  author={M{\"u}ller, Karsten and Smolic, Aljoscha and Merkle, Philipp and Kaspar, Bernhard and Eisert, Peter and Wiegand, Thomas},
  booktitle={3D Data Processing, Visualization and Transmission, 2004. 3DPVT 2004. Proceedings. 2nd International Symposium on},
  pages={116--123},
  year={2004},
  organization={IEEE}
}

@inproceedings{uckermann2012real,
  title={Real-time 3D segmentation of cluttered scenes for robot grasping},
  author={Uckermann, Andre and Haschke, Robert and Ritter, Helge},
  booktitle={Humanoid Robots (Humanoids), 2012 12th IEEE-RAS International Conference on},
  pages={198--203},
  year={2012},
  organization={IEEE}
}

@inproceedings{rosten2005fusing,
  title={Fusing points and lines for high performance tracking},
  author={Rosten, Edward and Drummond, Tom},
  booktitle={Computer Vision, 2005. ICCV 2005. Tenth IEEE International Conference on},
  volume={2},
  pages={1508--1515},
  year={2005},
  organization={IEEE}
}

@inproceedings{eade2006scalable,
  title={Scalable monocular SLAM},
  author={Eade, Ethan and Drummond, Tom},
  booktitle={Computer Vision and Pattern Recognition, 2006 IEEE Computer Society Conference on},
  volume={1},
  pages={469--476},
  year={2006},
  organization={IEEE}
}


@article{dhake2007real,
  title={A real time operating system based test-bed for autonomous vehicle navigation},
  author={Dhake, Pravin},
  year={2007},
  publisher={University of Missouri--Rolla}
}


@article{rosten2010faster,
  title={Faster and better: A machine learning approach to corner detection},
  author={Rosten, Edward and Porter, Reid and Drummond, Tom},
  journal={Pattern Analysis and Machine Intelligence, IEEE Transactions on},
  volume={32},
  number={1},
  pages={105--119},
  year={2010},
  publisher={IEEE}
}

@inproceedings{cipolla1999camera,
  title={Camera Calibration from Vanishing Points in Image of Architectural Scenes.},
  author={Cipolla, Roberto and Drummond, Tom and Robertson, Duncan P},
  booktitle={BMVC},
  volume={99},
  pages={382--391},
  year={1999},
  organization={Citeseer}
}


@inproceedings{hartley1995linear,
  title={A linear method for reconstruction from lines and points},
  author={Hartley, Richard I},
  booktitle={Computer Vision, 1995. Proceedings., Fifth International Conference on},
  pages={882--887},
  year={1995},
  organization={IEEE}
}
@article{wagner2010real,
  title={Real-time detection and tracking for augmented reality on mobile phones},
  author={Wagner, Daniel and Reitmayr, Gerhard and Mulloni, Alessandro and Drummond, Tom and Schmalstieg, Dieter},
  journal={Visualization and Computer Graphics, IEEE Transactions on},
  volume={16},
  number={3},
  pages={355--368},
  year={2010},
  publisher={IEEE}
}

@article{wagner2010real,
  title={Real-time detection and tracking for augmented reality on mobile phones},
  author={Wagner, Daniel and Reitmayr, Gerhard and Mulloni, Alessandro and Drummond, Tom and Schmalstieg, Dieter},
  journal={Visualization and Computer Graphics, IEEE Transactions on},
  volume={16},
  number={3},
  pages={355--368},
  year={2010},
  publisher={IEEE}
}

@inproceedings{drummond2001real,
  title={Real-time tracking of highly articulated structures in the presence of noisy measurements},
  author={Drummond, Tom and Cipolla, Roberto},
  booktitle={Computer Vision, 2001. ICCV 2001. Proceedings. Eighth IEEE International Conference on},
  volume={2},
  pages={315--320},
  year={2001},
  organization={IEEE}
}

@article{smith2004layered,
  title={Layered motion segmentation and depth ordering by tracking edges},
  author={Smith, Paul and Drummond, Tom and Cipolla, Roberto},
  journal={Pattern Analysis and Machine Intelligence, IEEE Transactions on},
  volume={26},
  number={4},
  pages={479--494},
  year={2004},
  publisher={IEEE}
}

@inproceedings{drummond1999visual,
  title={Visual tracking and control using lie algebras},
  author={Drummond, Tom and Cipolla, Roberto},
  booktitle={Computer Vision and Pattern Recognition, 1999. IEEE Computer Society Conference on.},
  volume={2},
  pages={652--657},
  year={1999},
  organization={IEEE}
}

@article{drummond2001matching,
  title={Matching and Tracking using Geometry, Statistics, Filtering and Photometry},
  author={Drummond, Tom and Malis, Ezio and Werman, Mike},
  year={2001}
}         